@article{narayanan2009delay,
  title={Delay activity in rodent frontal cortex during a simple reaction time task},
  author={Narayanan, Nandakumar S and Laubach, Mark},
  journal={Journal of neurophysiology},
  volume={101},
  number={6},
  pages={2859--2871},
  year={2009},
  publisher={Am Physiological Soc}
}

@article{bekolay2014spiking,
  title={A spiking neural integrator model of the adaptive control of action by the medial prefrontal cortex},
  author={Bekolay, Trevor and Laubach, Mark and Eliasmith, Chris},
  journal={The Journal of Neuroscience},
  volume={34},
  number={5},
  pages={1892--1902},
  year={2014},
  publisher={Soc Neuroscience}
}

@article{bekolay2013nengo,
  title={Nengo: a Python tool for building large-scale functional brain models},
  author={Bekolay, Trevor and Bergstra, James and Hunsberger, Eric and DeWolf, Travis and Stewart, Terrence C and Rasmussen, Daniel and Choo, Xuan and Voelker, Aaron Russell and Eliasmith, Chris},
  journal={Frontiers in neuroinformatics},
  volume={7},
  year={2013},
  publisher={Frontiers Media SA}
}
